<collection xmlns="http://www.loc.gov/MARC21/slim">
<record>
  <leader>01453nam0a2200313 i 450 </leader>
  <controlfield tag="001">IT\ICCU\CNCE\011025</controlfield>
  <controlfield tag="005">19970101000000.0</controlfield>
  <datafield tag="012" ind1=" " ind2=" ">
    <subfield code="a">o-it inui i-2. utmi (3) 1575 (R)</subfield>
    <subfield code="2">fei</subfield>
  </datafield>
  <datafield tag="100" ind1=" " ind2=" ">
    <subfield code="a">19970101d1575        0itac0103    ba</subfield>
  </datafield>
  <datafield tag="101" ind1=" " ind2=" ">
    <subfield code="a">LAT</subfield>
  </datafield>
  <datafield tag="102" ind1=" " ind2=" ">
    <subfield code="a">IT</subfield>
  </datafield>
  <datafield tag="200" ind1="1" ind2=" ">
    <subfield code="a">Summa sacramentorum Ecclesiae, ex doctrina r.p.f. Francisci a Victoria</subfield>
  </datafield>
  <datafield tag="210" ind1=" " ind2=" ">
    <subfield code="a">Venetiis</subfield>
    <subfield code="c">apud Io. Antonium Bertanum</subfield>
    <subfield code="d">1575</subfield>
  </datafield>
  <datafield tag="215" ind1=" " ind2=" ">
    <subfield code="a">200, \14! c.</subfield>
    <subfield code="d">8ʻ</subfield>
  </datafield>
  <datafield tag="620" ind1=" " ind2=" ">
    <subfield code="a">IT</subfield>
    <subfield code="d">Venezia</subfield>
  </datafield>
  <datafield tag="700" ind1=" " ind2="1">
    <subfield code="a">Chaves,</subfield>
    <subfield code="b">Tomaz : de</subfield>
    <subfield code="3">IT\ICCU\CNCA\002982</subfield>
  </datafield>
  <datafield tag="702" ind1=" " ind2="0">
    <subfield code="a">Francisco</subfield>
    <subfield code="c"> : de#Vitoria</subfield>
    <subfield code="3">IT\ICCU\CNCA\002284</subfield>
  </datafield>
  <datafield tag="712" ind1="0" ind2="0">
    <subfield code="a">Bertano, Giovanni Antonio</subfield>
    <subfield code="3">IT\ICCU\CNCT\000379</subfield>
    <subfield code="4">650</subfield>
  </datafield>
  <datafield tag="790" ind1=" " ind2="1">
    <subfield code="a">Caves,</subfield>
    <subfield code="b">Tomaso : di</subfield>
    <subfield code="3">IT\ICCU\CNCA\007936</subfield>
    <subfield code="z">Chaves, Tomaz : de</subfield>
  </datafield>
  <datafield tag="790" ind1=" " ind2="0">
    <subfield code="a">Tomaso</subfield>
    <subfield code="c"> : di#Caves</subfield>
    <subfield code="3">IT\ICCU\CNCA\013202</subfield>
    <subfield code="z">Chaves, Tomaz : de</subfield>
  </datafield>
  <datafield tag="790" ind1=" " ind2="0">
    <subfield code="a">Thomas</subfield>
    <subfield code="c"> : de#Chaves</subfield>
    <subfield code="3">IT\ICCU\CNCA\013203</subfield>
    <subfield code="z">Chaves, Tomaz : de</subfield>
  </datafield>
  <datafield tag="790" ind1=" " ind2="1">
    <subfield code="a">Vitoria,</subfield>
    <subfield code="b">Francisco : de</subfield>
    <subfield code="3">IT\ICCU\CNCA\014241</subfield>
    <subfield code="z">Francisco : de#Vitoria</subfield>
  </datafield>
  <datafield tag="790" ind1=" " ind2="0">
    <subfield code="a">Franciscus</subfield>
    <subfield code="c"> : de#Victoria</subfield>
    <subfield code="3">IT\ICCU\CNCA\022201</subfield>
    <subfield code="z">Francisco : de#Vitoria</subfield>
  </datafield>
  <datafield tag="791" ind1="0" ind2="0">
    <subfield code="a">Bertanus, Ioannes Antonius</subfield>
    <subfield code="3">IT\ICCU\CNCT\004353</subfield>
    <subfield code="z">Bertano, Giovanni Antonio</subfield>
  </datafield>
  <datafield tag="801" ind1=" " ind2="3">
    <subfield code="a">IT</subfield>
    <subfield code="b">ICCU</subfield>
    <subfield code="c">20201113</subfield>
  </datafield>
  <datafield tag="899" ind1=" " ind2=" ">
    <subfield code="a">Biblioteca del Capitolo della Cattedrale. Mondov</subfield>
    <subfield code="1">CN0238</subfield>
    <subfield code="2">TO0 ME</subfield>
  </datafield>
  <datafield tag="899" ind1=" " ind2=" ">
    <subfield code="a">Biblioteca statale. Lucca</subfield>
    <subfield code="1">LU0022</subfield>
    <subfield code="2">LUA BL</subfield>
  </datafield>
  <datafield tag="899" ind1=" " ind2=" ">
    <subfield code="a">Biblioteca comunale Giovanni Verga. Ragusa</subfield>
    <subfield code="1">RG0010</subfield>
    <subfield code="2">ZRG 04</subfield>
  </datafield>
  <datafield tag="899" ind1=" " ind2=" ">
    <subfield code="a">Biblioteca del Seminario vescovile. Bagnoregio</subfield>
    <subfield code="1">VT0005</subfield>
    <subfield code="2">ZVT 03</subfield>
  </datafield>
</record>
</collection>
